@InBook{rybicka,
	author = {Jiří RYBIČKA},
	title = {LaTeX pro začátečníky},
	chapter = {Základní informace},
	publisher = {Konvoj},
	address = {Brno},
	year = {1999},
	edition = {2},
	ISBN = {80-85615-74-6},
}

@InBook{lamport,
	author = {Leslie LAMPORT},
	title = {LaTeX: A Document Preparation System},
	publisher = {Addison-Wesley},
	address = {Reading},
	year = {1994},
	edition = {2},
	ISBN = {0-201-52983-1},
}

@Misc{martinek,
	author = {David MARTINEK},
	title = {LaTeXové speciality},
	howpublished = {[online]},
	year = {rev. 25. únor 2010},
	note = {[vid. 2019-04-15]},
	url = {http://www.fit.vutbr.cz/~martinek/latex/index.html},
}

@Misc{root,
	author = {Michal ŠVAMBERG},
	title = {Jak na LaTeX: pronikáme hlouběji},
	howpublished = {[online]},
	year = {rev. 12. červenec 2001},
	note = {[vid. 2019-04-15]},
	url = {https://www.root.cz/clanky/jak-na-latex-pronikame-hloubeji},
}

@Misc{wiki,
	author = {Přispěvatelé Wikipedie},
	title = {LaTeX},
	howpublished = {[online]},
	year = {rev. 27. leden 2018},
	note = {[vid. 2019-04-15]},
	url = {https://cs.wikipedia.org/w/index.php?title=LaTeX&oldid=15783910},
}

@MastersThesis{math,
	author = {Pavel BOJKO},
	title = {Problematika sazby odborného textu v prostředí LaTeX},
	school = {Jihočeská univerzita v Českých Budějovicích. Přírodovědecká fakulta.},
	year = {2011},
	type = {Diplomová práce},
}

@MastersThesis{vyhody,
	author = {Jiří ŠIMEK},
	title = {Transformace výrazů z Editoru Rovnic do LaTeXu},
	school = {Vysoká škola ekonomická v Praze. Fakulta informatiky a statistiky. Katedra informačního a znalostního inženýrství.},
	year = {2017},
	type = {Bakalářská práce},
}

@Article{series,
	author = {Alok KUMAR},
	title = {Concept Boosters},
	journal = {Mathematics Today},
	volume = {18},
	number = {1},
	pages = {10},
	year = {2018},
	ISSN = {0976-3228},
}

@Article{frac,
	author = {Sankar GHOSH},
	title = {JEE Main 2018},
	journal = {Mathematics Today},
	volume = {18},
	number = {1},
	pages = {76},
	year = {2018},
	ISSN = {0976-3228},
}

@Article{matikacz,
	author = {Stanislav LUKÁČ},
	title = {Využitie IKT pri rozvíjaní kompetencie modelovania vo vyučoviní matematiky},
	journal = {MATEMATIKA-FYZIKA-INFORMATIKA},
	volume = {2},
	number = {5},
	pages = {310},
	year = {2012},
	ISSN = {1805-7705},
}